@article{fst,
  author = {R. Mihalcea and D. I. Moldovan},
  title = {Ez.wordnet: Principles for automatic generation of a coarse grained wordnet},
  journal = {In Proc. of 14th Intel Florida Artifacial Intelligence Research Society Conf},
  year = {2001},
  pages = {454--458}
}
@ARTICLE{snd,
    author = {G. A. Miller, M. Chodorow, S. Landes, C. Leacock, and R. G. Thomas},
    title = {Using a Semantic Concordance for Sense Identificaction},
    journal = {In Proc. of ARPA Human Language Technology Workshop},
    year = {1994},
}
@ARTICLE{thrd,
    author = {Sharon A. Caraballo},
    title = {Automatic construction of a hypernym-labeled noun hierarchy from text},
}
@ARTICLE{frth,
    author = {Marti A. Hearst},
    title = {Automatic Acquisition of Hyponyms from Large Text Corpora},
}